<record><leader>00000cas a2200000 a 4500</leader><controlfield tag="001">28118975</controlfield><controlfield tag="008">930517d18771877iludn ne      0   a0eng c</controlfield><datafield ind1=" " ind2=" " tag="010"><subfield code="a">sn 93055544 </subfield></datafield><datafield ind1=" " ind2=" " tag="040"><subfield code="a">NVF</subfield><subfield code="b">eng</subfield><subfield code="c">NVF</subfield><subfield code="d">OCL</subfield><subfield code="d">OCLCQ</subfield><subfield code="d">NVF</subfield><subfield code="d">OCLCQ</subfield><subfield code="d">NVF</subfield><subfield code="d">OCLCO</subfield><subfield code="d">OCLCA</subfield></datafield><datafield ind1="1" ind2=" " tag="029"><subfield code="a">AU@</subfield><subfield code="b">000025908977</subfield></datafield><datafield ind1=" " ind2=" " tag="042"><subfield code="a">pcc</subfield></datafield><datafield ind1=" " ind2=" " tag="043"><subfield code="a">n-us-il</subfield></datafield><datafield ind1="0" ind2=" " tag="130"><subfield code="a">Evening Republican (Carthage, Ill.)</subfield></datafield><datafield ind1="1" ind2="4" tag="245"><subfield code="a">The evening Republican.</subfield></datafield><datafield ind1="1" ind2=" " tag="246"><subfield code="i">Published as:</subfield><subfield code="a">Daily evening Republican</subfield><subfield code="f">June 4-7, 1877</subfield></datafield><datafield ind1=" " ind2=" " tag="260"><subfield code="a">Carthage, Ill. :</subfield><subfield code="b">[J.M. Davidson],</subfield><subfield code="c">1877.</subfield></datafield><datafield ind1=" " ind2=" " tag="300"><subfield code="a">v.</subfield></datafield><datafield ind1=" " ind2=" " tag="310"><subfield code="a">Daily (except. Sunday, during convention of General Synod of Evangelical Lutheran Church in Carthage, Ill.),</subfield><subfield code="b">May 30-June 7, 1877</subfield></datafield><datafield ind1="0" ind2=" " tag="362"><subfield code="a">No. 1211 (May 30, 1877)-no. 1218 (June 7, 1877).</subfield></datafield><datafield ind1=" " ind2=" " tag="580"><subfield code="a">Weekly ed.: Carthage Republican (Carthage, Ill.), 1877.</subfield></datafield><datafield ind1="2" ind2="0" tag="610"><subfield code="a">Evangelical Lutheran Church.</subfield><subfield code="b">General Synod</subfield><subfield code="v">Newspapers.</subfield></datafield><datafield ind1=" " ind2="0" tag="650"><subfield code="a">Lutheran Church</subfield><subfield code="x">Congresses,</subfield><subfield code="d">May 30-June 7, 1877</subfield><subfield code="v">Newspapers.</subfield></datafield><datafield ind1=" " ind2="0" tag="651"><subfield code="a">Carthage (Ill.)</subfield><subfield code="v">Newspapers.</subfield></datafield><datafield ind1="2" ind2=" " tag="710"><subfield code="a">General Synod of the Evangelical Lutheran Church in the United States</subfield><subfield code="d">May 30-June 7, 1877 :</subfield><subfield code="c">Carthage, Illinois.</subfield><subfield code="k">Newspapers.</subfield></datafield><datafield ind1=" " ind2=" " tag="752"><subfield code="a">United States</subfield><subfield code="b">Illinois</subfield><subfield code="c">Hancock</subfield><subfield code="d">Carthage.</subfield></datafield><datafield ind1="1" ind2=" " tag="775"><subfield code="t">Carthage Republican (Carthage, Ill.)</subfield><subfield code="w">(DLC)sn 85033441</subfield><subfield code="w">(OCoLC)11967049</subfield></datafield></record>